<record><leader>00000cas a22000007a 4500</leader><controlfield tag="001">11831210</controlfield><controlfield tag="008">850321d18641877ohuwr ne      0    0eng d</controlfield><controlfield tag="009">3768</controlfield><datafield ind1=" " ind2=" " tag="010"><subfield code="a">sn 85025634 </subfield></datafield><datafield ind1=" " ind2=" " tag="040"><subfield code="a">NPX</subfield><subfield code="b">eng</subfield><subfield code="c">NPX</subfield><subfield code="d">DLC</subfield><subfield code="d">NPU</subfield></datafield><datafield ind1="1" ind2=" " tag="029"><subfield code="a">AU@</subfield><subfield code="b">000025822266</subfield></datafield><datafield ind1=" " ind2=" " tag="042"><subfield code="a">msc</subfield></datafield><datafield ind1="0" ind2="0" tag="050"><subfield code="a">Newspaper 9216</subfield></datafield><datafield ind1="0" ind2=" " tag="130"><subfield code="a">Alliance monitor (Alliance, Ohio : 1864)</subfield></datafield><datafield ind1="0" ind2="0" tag="245"><subfield code="a">Alliance monitor.</subfield></datafield><datafield ind1=" " ind2=" " tag="260"><subfield code="a">Alliance, Ohio :</subfield><subfield code="b">Hudson &amp; Garrison,</subfield><subfield code="c">1864-</subfield></datafield><datafield ind1=" " ind2=" " tag="300"><subfield code="a">v. :</subfield><subfield code="b">ill. (chiefly advertisements) ;</subfield><subfield code="c">60 cm.</subfield></datafield><datafield ind1=" " ind2=" " tag="310"><subfield code="a">Weekly</subfield></datafield><datafield ind1="0" ind2=" " tag="362"><subfield code="a">Vol. 1, no. 1 (July 13, 1864)-</subfield></datafield><datafield ind1="1" ind2=" " tag="362"><subfield code="a">Ceased in 1877.</subfield><subfield code="z">Cf. Gutgesell, S.  Guide to Ohio newspapers, 1974.</subfield></datafield><datafield ind1=" " ind2=" " tag="500"><subfield code="a">"Independent." Cf. Blue, H.T.O.  Hist. of Stark Co., Ohio.</subfield></datafield><datafield ind1=" " ind2=" " tag="500"><subfield code="a">Publisher: Brown &amp; Phelps, &lt;1873&gt;.</subfield></datafield><datafield ind1=" " ind2=" " tag="515"><subfield code="a">Vol. 2, no. 1 (July 19, 1865)-&lt;v. 4, no. 20 (Nov. 28, 1867)&gt; = whole no. 53-&lt;176&gt;.</subfield></datafield><datafield ind1=" " ind2=" " tag="525"><subfield code="a">Has occasional supplements.</subfield></datafield><datafield ind1=" " ind2=" " tag="500"><subfield code="a">Editor: R.E. Walton, &lt;1867&gt;.</subfield></datafield><datafield ind1=" " ind2=" " tag="752"><subfield code="a">United States</subfield><subfield code="b">Ohio</subfield><subfield code="c">Stark</subfield><subfield code="d">Alliance.</subfield></datafield><datafield ind1="0" ind2="0" tag="780"><subfield code="t">Saturday monitor</subfield></datafield></record>